<?xml version="1.0" encoding="UTF-8"?><collection xmlns="http://www.loc.gov/MARC21/slim"><record><leader>00380nam--2200145-i-4500</leader><controlfield tag="001">000024017</controlfield><controlfield tag="002">20161230</controlfield><controlfield tag="005">20161230201035</controlfield><controlfield tag="008">060222s1000------------r-----000-0-eng-d</controlfield><datafield ind1=" " ind2=" " tag="080"><subfield code="a">550.34(047.1)</subfield></datafield><datafield ind1=" " ind2=" " tag="100"><subfield code="a">Iamamura, Akitune</subfield></datafield><datafield ind1=" " ind2=" " tag="245"><subfield code="a">Report</subfield></datafield><datafield ind1=" " ind2=" " tag="260"><subfield code="a">Tokio, Kokusai Shupan Insatsusha, 1930. 13p</subfield></datafield><datafield ind1=" " ind2=" " tag="490"><subfield code="a">International Union Of Geodesy And Geophysics</subfield></datafield><datafield ind1=" " ind2=" " tag="852"><subfield code="a">47635</subfield></datafield></record></collection>